@inproceedings{Agadakos:2016:LAU:2991079.2991090,
    author = {Agadakos, Ioannis and Hallgren, Per and Damopoulos, Dimitrios and Sabelfeld, Andrei and Portokalidis, Georgios},
    title = {Location-enhanced Authentication Using the IoT: Because You Cannot Be in Two Places at Once},
    booktitle = {Proceedings of the 32Nd Annual Conference on Computer Security Applications},
    series = {ACSAC '16},
    year = {2016},
    isbn = {978-1-4503-4771-6},
    location = {Los Angeles, California, USA},
    pages = {251--264},
    numpages = {14},
    url = {http://doi.acm.org/10.1145/2991079.2991090},
    doi = {10.1145/2991079.2991090},
    acmid = {2991090},
    publisher = {ACM},
    address = {New York, NY, USA},
    keywords = {authentication, internet of things, location-based services, trust},
}

@inproceedings{Habib:2015,
    author = {Habib, Kashif and Leister, Wolfgang},
    booktitle = {The Eleventh International Conference on Autonomic and Autonomous Systems},
    series = {ICAS 2015},
    isbn = {978-1-61208-405-3},
    pages = {134--139},
    numpages = {5},
    year = {2015},
    month = {05},
    title = {Context-Aware Authentication for the Internet of Things}
}